@article{DL3,
  author  = {Yann LeCun and Yoshua Bengio and Geoffrey Hinton},
  title   = {Deep Learning},
  journal = {Nature},
  year    = {2015},
  volume  = {521},
  pages   = {436-444},
  doi     = {10.1038/nature14539},
  url     = {https://doi.org/10.1038/nature14539}
}

@article{HPEApproaches,
  author     = {Ce Zheng and
                Wenhan Wu and
                Taojiannan Yang and
                Sijie Zhu and
                Chen Chen and
                Ruixu Liu and
                Ju Shen and
                Nasser Kehtarnavaz and
                Mubarak Shah},
  title      = {Deep Learning-Based Human Pose Estimation: {A} Survey},
  journal    = {CoRR},
  volume     = {abs/2012.13392},
  year       = {2020},
  url        = {https://arxiv.org/abs/2012.13392},
  eprinttype = {arXiv},
  eprint     = {2012.13392},
  timestamp  = {Tue, 05 Jan 2021 16:02:31 +0100},
  biburl     = {https://dblp.org/rec/journals/corr/abs-2012-13392.bib},
  bibsource  = {dblp computer science bibliography, https://dblp.org}
}

@inproceedings{SoccerKicks,
  author    = {Lessa, Nayari Marie and Colombini, Esther Luna and Da Silva Simões, Alexandre},
  booktitle = {2021 IEEE International Conference on Systems, Man, and Cybernetics (SMC)},
  title     = {SoccerKicks: a Dataset of 3D dead ball kicks reference movements for humanoid robots},
  year      = {2021},
  volume    = {},
  number    = {},
  pages     = {3472-3478},
  doi       = {10.1109/SMC52423.2021.9658787}
}

@inproceedings{YOLO-Pose,
  author    = {Maji, Debapriya and Nagori, Soyeb and Mathew, Manu and Poddar, Deepak},
  booktitle = {2022 IEEE/CVF Conference on Computer Vision and Pattern Recognition Workshops (CVPRW)},
  title     = {YOLO-Pose: Enhancing YOLO for Multi Person Pose Estimation Using Object Keypoint Similarity Loss},
  year      = {2022},
  volume    = {},
  number    = {},
  pages     = {2636-2645},
  doi       = {10.1109/CVPRW56347.2022.00297}
}

@inproceedings{Nimbro,
  author    = {Amini, Arash
               and Farazi, Hafez
               and Behnke, Sven},
  editor    = {Alami, Rachid
               and Biswas, Joydeep
               and Cakmak, Maya
               and Obst, Oliver},
  title     = {Real-Time Pose Estimation from Images for Multiple Humanoid Robots},
  booktitle = {RoboCup 2021: Robot World Cup XXIV},
  year      = {2022},
  publisher = {Springer International Publishing},
  address   = {Cham},
  pages     = {91--102},
  isbn      = {978-3-030-98682-7}
}

@inproceedings{Nimbro-LSTM,
  author    = {Farazi, Hafez and Behnke, Sven},
  booktitle = {2017 IEEE/RSJ International Conference on Intelligent Robots and Systems (IROS)},
  title     = {Online visual robot tracking and identification using deep LSTM networks},
  year      = {2017},
  volume    = {},
  number    = {},
  pages     = {6118-6125},
  doi       = {10.1109/IROS.2017.8206512}
}

@inproceedings{TKU,
  author    = {Guo, Sin-Hong and Liu, Chih-Cheng and Wong, Ching-Chang and Lee, Tsu-Tian},
  booktitle = {2019 International Conference on Advanced Mechatronic Systems (ICAMechS)},
  title     = {Image-Based Humanoid Robot Pose Recognition System},
  year      = {2019},
  volume    = {},
  number    = {},
  pages     = {126-129},
  doi       = {10.1109/ICAMechS.2019.8861564}
}

@inproceedings{NAO-detection,
  author    = {Di Giambattista, Valerio and Fawakherji, Mulham and Suriani, Vincenzo and Bloisi, Domenico D. and Nardi, Daniele},
  title     = {On Field Gesture-Based Robot-to-Robot Communication with NAO Soccer Players},
  booktitle = {RoboCup 2019: Robot World Cup XXIII},
  year      = {2019},
  publisher = {Springer International Publishing},
  address   = {Cham},
  pages     = {367--375},
  isbn      = {978-3-030-35699-6}
}

@inproceedings{Cascade,
  author    = {Chen, Yilun and Wang, Zhicheng and Peng, Yuxiang and Zhang, Zhiqiang and Yu, Gang and Sun, Jian},
  booktitle = {2018 IEEE/CVF Conference on Computer Vision and Pattern Recognition},
  title     = {Cascaded Pyramid Network for Multi-person Pose Estimation},
  year      = {2018},
  volume    = {},
  number    = {},
  pages     = {7103-7112},
  doi       = {10.1109/CVPR.2018.00742}
}

@article{HRNet,
  author  = {Wang, Jingdong and Sun, Ke and Cheng, Tianheng and Jiang, Borui and Deng, Chaorui and Zhao, Yang and Liu, Dong and Mu, Yadong and Tan, Mingkui and Wang, Xinggang and Liu, Wenyu and Xiao, Bin},
  journal = {IEEE Transactions on Pattern Analysis and Machine Intelligence},
  title   = {Deep High-Resolution Representation Learning for Visual Recognition},
  year    = {2021},
  volume  = {43},
  number  = {10},
  pages   = {3349-3364},
  doi     = {10.1109/TPAMI.2020.2983686}
}

@inproceedings{PifPaf,
  author    = {Kreiss, Sven and Bertoni, Lorenzo and Alahi, Alexandre},
  booktitle = {2019 IEEE/CVF Conference on Computer Vision and Pattern Recognition (CVPR)},
  title     = {PifPaf: Composite Fields for Human Pose Estimation},
  year      = {2019},
  volume    = {},
  number    = {},
  pages     = {11969-11978},
  doi       = {10.1109/CVPR.2019.01225}
}

@inproceedings{PersonLab,
  author    = {Papandreou, George
               and Zhu, Tyler
               and Chen, Liang-Chieh
               and Gidaris, Spyros
               and Tompson, Jonathan
               and Murphy, Kevin},
  editor    = {Ferrari, Vittorio
               and Hebert, Martial
               and Sminchisescu, Cristian
               and Weiss, Yair},
  title     = {PersonLab: Person Pose Estimation and Instance Segmentation with a Bottom-Up, Part-Based, Geometric Embedding Model},
  booktitle = {Computer Vision -- ECCV 2018},
  year      = {2018},
  publisher = {Springer International Publishing},
  address   = {Cham},
  pages     = {282--299},
  isbn      = {978-3-030-01264-9}
}

@article{Openpose,
  author  = {Cao, Zhe and Hidalgo, Gines and Simon, Tomas and Wei, Shih-En and Sheikh, Yaser},
  journal = {IEEE Transactions on Pattern Analysis and Machine Intelligence},
  title   = {OpenPose: Realtime Multi-Person 2D Pose Estimation Using Part Affinity Fields},
  year    = {2021},
  volume  = {43},
  number  = {1},
  pages   = {172-186},
  doi     = {10.1109/TPAMI.2019.2929257}
}

@article{YOLOv7,
  author = {Wang, Chien-Yao and Bochkovskiy, Alexey and Liao, Hong-yuan},
  year   = {2022},
  month  = {07},
  pages  = {},
  title  = {YOLOv7: Trainable bag-of-freebies sets new state-of-the-art for real-time object detectors},
  doi    = {10.48550/arXiv.2207.02696}
}

@inproceedings{PANet,
  author    = {Liu, Shu and Qi, Lu and Qin, Haifang and Shi, Jianping and Jia, Jiaya},
  booktitle = {2018 IEEE/CVF Conference on Computer Vision and Pattern Recognition},
  title     = {Path Aggregation Network for Instance Segmentation},
  year      = {2018},
  volume    = {},
  number    = {},
  pages     = {8759-8768},
  doi       = {10.1109/CVPR.2018.00913}
}

@inproceedings{CSPNet,
  author    = {Wang, Chien-Yao and Mark Liao, Hong-Yuan and Wu, Yueh-Hua and Chen, Ping-Yang and Hsieh, Jun-Wei and Yeh, I-Hau},
  booktitle = {2020 IEEE/CVF Conference on Computer Vision and Pattern Recognition Workshops (CVPRW)},
  title     = {CSPNet: A New Backbone that can Enhance Learning Capability of CNN},
  year      = {2020},
  volume    = {},
  number    = {},
  pages     = {1571-1580},
  doi       = {10.1109/CVPRW50498.2020.00203}
}

@misc{COCO,
  doi       = {10.48550/ARXIV.1405.0312},
  url       = {https://arxiv.org/abs/1405.0312},
  author    = {Lin, Tsung-Yi and Maire, Michael and Belongie, Serge and Bourdev, Lubomir and Girshick, Ross and Hays, James and Perona, Pietro and Ramanan, Deva and Zitnick, C. Lawrence and Dollár, Piotr},
  keywords  = {Computer Vision and Pattern Recognition (cs.CV), FOS: Computer and information sciences, FOS: Computer and information sciences},
  title     = {Microsoft COCO: Common Objects in Context},
  publisher = {arXiv},
  year      = {2014},
  copyright = {arXiv.org perpetual, non-exclusive license}
}

@inproceedings{OKS,
  author    = {Geng, Zigang and Sun, Ke and Xiao, Bin and Zhang, Zhaoxiang and Wang, Jingdong},
  booktitle = {2021 IEEE/CVF Conference on Computer Vision and Pattern Recognition (CVPR)},
  title     = {Bottom-Up Human Pose Estimation Via Disentangled Keypoint Regression},
  year      = {2021},
  volume    = {},
  number    = {},
  pages     = {14671-14681},
  doi       = {10.1109/CVPR46437.2021.01444}
}


@inproceedings{Feature_Pyramid_Network,
  author    = {Zhang, Yichen and Han, Jeong Hoon and Kwon, Yong Woo and Moon, Young Shik},
  booktitle = {2020 IEEE 6th International Conference on Computer and Communications (ICCC)},
  title     = {A New Architecture of Feature Pyramid Network for Object Detection},
  year      = {2020},
  volume    = {},
  number    = {},
  pages     = {1224-1228},
  doi       = {10.1109/ICCC51575.2020.9345302}
}

@article{FasterRCNN,
  author  = {Ren, Shaoqing and He, Kaiming and Girshick, Ross and Sun, Jian},
  journal = {IEEE Transactions on Pattern Analysis and Machine Intelligence},
  title   = {Faster R-CNN: Towards Real-Time Object Detection with Region Proposal Networks},
  year    = {2017},
  volume  = {39},
  number  = {6},
  pages   = {1137-1149},
  doi     = {10.1109/TPAMI.2016.2577031}
}

@inproceedings{Papandreou,
  author    = {Papandreou, George and Zhu, Tyler and Kanazawa, Nori and Toshev, Alexander and Tompson, Jonathan and Bregler, Chris and Murphy, Kevin},
  booktitle = {2017 IEEE Conference on Computer Vision and Pattern Recognition (CVPR)},
  title     = {Towards Accurate Multi-person Pose Estimation in the Wild},
  year      = {2017},
  volume    = {},
  number    = {},
  pages     = {3711-3719},
  doi       = {10.1109/CVPR.2017.395}
}

@inproceedings{PosePartitionNetwork,
  author    = {Nie, Xuecheng
               and Feng, Jiashi
               and Xing, Junliang
               and Yan, Shuicheng},
  editor    = {Ferrari, Vittorio
               and Hebert, Martial
               and Sminchisescu, Cristian
               and Weiss, Yair},
  title     = {Pose Partition Networks for Multi-person Pose Estimation},
  booktitle = {Computer Vision -- ECCV 2018},
  year      = {2018},
  publisher = {Springer International Publishing},
  address   = {Cham},
  pages     = {705--720},
  isbn      = {978-3-030-01228-1}
}

% after Mask R-CNN
@article{MaskRCNN,
  author     = {Kaiming He and
                Georgia Gkioxari and
                Piotr Doll{\'{a}}r and
                Ross B. Girshick},
  title      = {Mask {R-CNN}},
  journal    = {CoRR},
  volume     = {abs/1703.06870},
  year       = {2017},
  url        = {http://arxiv.org/abs/1703.06870},
  eprinttype = {arXiv},
  eprint     = {1703.06870},
  timestamp  = {Mon, 13 Aug 2018 16:46:36 +0200},
  biburl     = {https://dblp.org/rec/journals/corr/HeGDG17.bib},
  bibsource  = {dblp computer science bibliography, https://dblp.org}
}

@article{BlazePose,
  author     = {Valentin Bazarevsky and
                Ivan Grishchenko and
                Karthik Raveendran and
                Tyler Zhu and
                Fan Zhang and
                Matthias Grundmann},
  title      = {BlazePose: On-device Real-time Body Pose tracking},
  journal    = {CoRR},
  volume     = {abs/2006.10204},
  year       = {2020},
  url        = {https://arxiv.org/abs/2006.10204},
  eprinttype = {arXiv},
  eprint     = {2006.10204},
  timestamp  = {Tue, 23 Jun 2020 17:57:22 +0200},
  biburl     = {https://dblp.org/rec/journals/corr/abs-2006-10204.bib},
  bibsource  = {dblp computer science bibliography, https://dblp.org}
}

@inproceedings{Heuristic,
  author    = {Ariyani, Sofia and Mulyanto Yuniarno, Eko and Hery Purnomo, Mauridhi},
  booktitle = {2022 IEEE 9th International Conference on Computational Intelligence and Virtual Environments for Measurement Systems and Applications (CIVEMSA)},
  title     = {Heuristic Application System on Pose Detection of Elderly Activity Using Machine Learning in Real-Time},
  year      = {2022},
  volume    = {},
  number    = {},
  pages     = {1-6},
  doi       = {10.1109/CIVEMSA53371.2022.9853649}
}

@inproceedings{sport1,
  author    = {Jalal, Ahmad and Nadeem, Amir and Bobasu, Satoshi},
  booktitle = {2019 2nd International Conference on Communication, Computing and Digital systems (C-CODE)},
  title     = {Human Body Parts Estimation and Detection for Physical Sports Movements},
  year      = {2019},
  volume    = {},
  number    = {},
  pages     = {104-109},
  doi       = {10.1109/C-CODE.2019.8680993}
}

@inproceedings{sport2,
  author    = {Bridgeman, Lewis and Volino, Marco and Guillemaut, Jean-Yves and Hilton, Adrian},
  booktitle = {2019 IEEE/CVF Conference on Computer Vision and Pattern Recognition Workshops (CVPRW)},
  title     = {Multi-Person 3D Pose Estimation and Tracking in Sports},
  year      = {2019},
  volume    = {},
  number    = {},
  pages     = {2487-2496},
  doi       = {10.1109/CVPRW.2019.00304}
}

@article{sport3,
  author  = {Blythman, Richard and Saxena, Manan and Tierney, Gregory and Richter, Chris and Smolic, Aljosa and Simms, Ciaran},
  year    = {2022},
  month   = {09},
  pages   = {},
  title   = {Assessment of deep learning pose estimates for sports collision tracking},
  volume  = {40},
  journal = {Journal of Sports Sciences},
  doi     = {10.1080/02640414.2022.2117474}
}

@article{SR1,
  title   = {Brave new world: service robots in the frontline},
  author  = {Jochen Wirtz and Paul G. Patterson and Werner H. Kunz and Thorsten Gruber and Vinh N. Lu and Stefanie Paluch and Antje Martins},
  journal = {Journal of Service Management},
  year    = {2018}
}

@inproceedings{SARs1,
  author    = {Feil-Seifer, D. and Mataric, M.J.},
  booktitle = {9th International Conference on Rehabilitation Robotics, 2005. ICORR 2005.},
  title     = {Defining socially assistive robotics},
  year      = {2005},
  volume    = {},
  number    = {},
  pages     = {465-468},
  doi       = {10.1109/ICORR.2005.1501143}
}

@book{nations2019world,
  title     = {World Population Ageing 2019 Highlights},
  author    = {Nations, U.},
  isbn      = {9789210045537},
  month     = {Dec},
  url       = {https://books.google.co.id/books?id=-mz8DwAAQBAJ},
  year      = {2019},
  publisher = {United Nations.},
  pages     = {5-8}
}

@article{PEARL,
  title    = {Towards robotic assistants in nursing homes: Challenges and results},
  journal  = {Robotics and Autonomous Systems},
  volume   = {42},
  number   = {3},
  pages    = {271-281},
  year     = {2003},
  note     = {Socially Interactive Robots},
  issn     = {0921-8890},
  doi      = {https://doi.org/10.1016/S0921-8890(02)00381-0},
  url      = {https://www.sciencedirect.com/science/article/pii/S0921889002003810},
  author   = {Joelle Pineau and Michael Montemerlo and Martha Pollack and Nicholas Roy and Sebastian Thrun},
  keywords = {Robot control, Human–robot interaction, Planning, Scheduling, Probabilistic reasoning}
}

@inproceedings{Donaxi,
  author    = {Ortega, Rodrigo and Velazquez, Luis Felipe and Bravo, Alvaro and Gamboa, Sebastian and Cruz, Rene and Vasquez, Harold and Fonseca, Aldo and Teutli, Dulce and Miranda, Irais and Vargas, Gustavo and Arce, Eduardo},
  booktitle = {2016 International Conference on Computational Science and Computational Intelligence (CSCI)},
  title     = {Donaxi@HOME's Project: Service Robot to Elderly Care},
  year      = {2016},
  volume    = {},
  number    = {},
  pages     = {149-154},
  doi       = {10.1109/CSCI.2016.0035}
}

@inproceedings{Wangrobot,
  author    = {Wang, Zhibo and Chen, Guangyu},
  booktitle = {2022 IEEE 4th International Conference on Power, Intelligent Computing and Systems (ICPICS)},
  title     = {Home intelligent assistance mobile robot for the elderly},
  year      = {2022},
  volume    = {},
  number    = {},
  pages     = {873-878},
  doi       = {10.1109/ICPICS55264.2022.9873607}
}

@inproceedings{muhtadin1,
  author    = {Muhtadin and Zanuar, Raden Marwan and Purnama, I Ketut Eddy and Purnomo, Mauridhi Hery},
  booktitle = {2019 International Conference on Computer Engineering, Network, and Intelligent Multimedia (CENIM)},
  title     = {Autonomous Navigation and Obstacle Avoidance For Service Robot},
  year      = {2019},
  volume    = {},
  number    = {},
  pages     = {1-8},
  doi       = {10.1109/CENIM48368.2019.8973360}
}

@inproceedings{muhtadin2,
  author    = {Muhtadin and Billy and Yuniarno, Eko Mulyanto and Fadlil, Junaidillah and Saputra, Muchlisin Adi and Purnama, I Ketut Eddy and Purnomo, Mauridhi Hery},
  booktitle = {2020 IEEE International Conference on Industry 4.0, Artificial Intelligence, and Communications Technology (IAICT)},
  title     = {Robot Service for Elderly to Find Misplaced Items: A Resource Efficient Implementation on Low-Computational Device},
  year      = {2020},
  volume    = {},
  number    = {},
  pages     = {28-34},
  doi       = {10.1109/IAICT50021.2020.9172030}
}

@inproceedings{Psychology1,
  author    = {Marinoiu, Elisabeta and Zanfir, Mihai and Olaru, Vlad and Sminchisescu, Cristian},
  booktitle = {2018 IEEE/CVF Conference on Computer Vision and Pattern Recognition},
  title     = {3D Human Sensing, Action and Emotion Recognition in Robot Assisted Therapy of Children with Autism},
  year      = {2018},
  volume    = {},
  number    = {},
  pages     = {2158-2167},
  doi       = {10.1109/CVPR.2018.00230}
}

@inproceedings{Psychology2,
  author    = {Joo, Hanbyul and Liu, Hao and Tan, Lei and Gui, Lin and Nabbe, Bart and Matthews, Iain and Kanade, Takeo and Nobuhara, Shohei and Sheikh, Yaser},
  title     = {Panoptic Studio: A Massively Multiview System for Social Motion Capture},
  booktitle = {Proceedings of the IEEE International Conference on Computer Vision (ICCV)},
  month     = {December},
  year      = {2015}
}

@article{Psychology3,
  author  = {Noroozi, Fatemeh and Corneanu, Ciprian Adrian and Kamińska, Dorota and Sapiński, Tomasz and Escalera, Sergio and Anbarjafari, Gholamreza},
  journal = {IEEE Transactions on Affective Computing},
  title   = {Survey on Emotional Body Gesture Recognition},
  year    = {2021},
  volume  = {12},
  number  = {2},
  pages   = {505-523},
  doi     = {10.1109/TAFFC.2018.2874986}
}

@inproceedings{signlanguage1,
  author    = {K, Amrutha and P, Prabu and Paulose, Joy},
  booktitle = {2021 Innovations in Power and Advanced Computing Technologies (i-PACT)},
  title     = {Human Body Pose Estimation and Applications},
  year      = {2021},
  volume    = {},
  number    = {},
  pages     = {1-6},
  doi       = {10.1109/i-PACT52855.2021.9696513}
}

@inproceedings{signlanguage2,
  author    = {Padmanand, Kavishaalini and Lim, Phei-Chin},
  booktitle = {2022 International Conference on Digital Transformation and Intelligence (ICDI)},
  title     = {Malaysian Sign Language Recognition Using 3D Hand Pose Estimation},
  year      = {2022},
  volume    = {},
  number    = {},
  pages     = {214-218},
  doi       = {10.1109/ICDI57181.2022.10007170}
}

@inproceedings{signlanguage3,
  author    = {Adhikary, Subhangi and Talukdar, Anjan Kumar and Kumar Sarma, Kandarpa},
  booktitle = {2021 Sixth International Conference on Image Information Processing (ICIIP)},
  title     = {A Vision-based System for Recognition of Words used in Indian Sign Language Using MediaPipe},
  year      = {2021},
  volume    = {6},
  number    = {},
  pages     = {390-394},
  doi       = {10.1109/ICIIP53038.2021.9702551}
}

@inproceedings{healthcare1,
  author    = {Pal, Monalin and Rubini, P},
  booktitle = {2021 IEEE 3rd PhD Colloquium on Ethically Driven Innovation and Technology for Society (PhD EDITS)},
  title     = {Gesture Recognition for Autistic Children using Person Pose Estimation and Supervised Learning},
  year      = {2021},
  volume    = {},
  number    = {},
  pages     = {1-2},
  doi       = {10.1109/PhDEDITS53295.2021.9649532}
}


@article{healthcare2,
  title     = {Vision-Based Pose Estimation for Robot-Mediated Hand Telerehabilitation},
  volume    = {16},
  issn      = {1424-8220},
  url       = {http://dx.doi.org/10.3390/s16020208},
  doi       = {10.3390/s16020208},
  number    = {2},
  journal   = {Sensors},
  publisher = {MDPI AG},
  author    = {Airò Farulla, Giuseppe and Pianu, Daniele and Cempini, Marco and Cortese, Mario and Russo, Ludovico and Indaco, Marco and Nerino, Roberto and Chimienti, Antonio and Oddo, Calogero and Vitiello, Nicola},
  year      = {2016},
  month     = {Feb},
  pages     = {208}
}

@article{MPE,
  author         = {Kim, Jong-Wook and Choi, Jin-Young and Ha, Eun-Ju and Choi, Jae-Ho},
  title          = {Human Pose Estimation Using MediaPipe Pose and Optimization Method Based on a Humanoid Model},
  journal        = {Applied Sciences},
  volume         = {13},
  year           = {2023},
  number         = {4},
  article-number = {2700},
  url            = {https://www.mdpi.com/2076-3417/13/4/2700},
  issn           = {2076-3417}
}

@article{BlazeFace,
  author     = {Valentin Bazarevsky and
                Yury Kartynnik and
                Andrey Vakunov and
                Karthik Raveendran and
                Matthias Grundmann},
  title      = {BlazeFace: Sub-millisecond Neural Face Detection on Mobile GPUs},
  journal    = {CoRR},
  volume     = {abs/1907.05047},
  year       = {2019},
  url        = {http://arxiv.org/abs/1907.05047},
  eprinttype = {arXiv},
  eprint     = {1907.05047},
  timestamp  = {Wed, 17 Jul 2019 10:27:36 +0200},
  biburl     = {https://dblp.org/rec/journals/corr/abs-1907-05047.bib},
  bibsource  = {dblp computer science bibliography, https://dblp.org}
}

@article{AlphaPose,
  author  = {Fang, Hao-Shu and Li, Jiefeng and Tang, Hongyang and Xu, Chao and Zhu, Haoyi and Xiu, Yuliang and Li, Yong-Lu and Lu, Cewu},
  journal = {IEEE Transactions on Pattern Analysis and Machine Intelligence},
  title   = {AlphaPose: Whole-Body Regional Multi-Person Pose Estimation and Tracking in Real-Time},
  year    = {2023},
  volume  = {45},
  number  = {6},
  pages   = {7157-7173},
  doi     = {10.1109/TPAMI.2022.3222784}
}

  @inproceedings{TowardsMP,
  title  = {Towards Multi-Person Pose Tracking : Bottom-up and Top-down Methods},
  author = {Sheng Jin and Xujie Ma and Zhipeng Han and Yue Wu and Wei Yang and Wentao Liu and Chen Qian and Wanli Ouyang},
  year   = {2017}
}

@article{bottom-up,
  author     = {Milan Kresovic and
                Thong Duy Nguyen},
  title      = {Bottom-up approaches for multi-person pose estimation and it's applications: {A} brief review},
  journal    = {CoRR},
  volume     = {abs/2112.11834},
  year       = {2021},
  url        = {https://arxiv.org/abs/2112.11834},
  eprinttype = {arXiv},
  eprint     = {2112.11834},
  timestamp  = {Tue, 04 Jan 2022 15:59:27 +0100},
  biburl     = {https://dblp.org/rec/journals/corr/abs-2112-11834.bib},
  bibsource  = {dblp computer science bibliography, https://dblp.org}
}

@inproceedings{HigherHRNet,
  author    = {Cheng, Bowen and Xiao, Bin and Wang, Jingdong and Shi, Honghui and Huang, Thomas S. and Zhang, Lei},
  booktitle = {2020 IEEE/CVF Conference on Computer Vision and Pattern Recognition (CVPR)},
  title     = {HigherHRNet: Scale-Aware Representation Learning for Bottom-Up Human Pose Estimation},
  year      = {2020},
  volume    = {},
  number    = {},
  pages     = {5385-5394},
  doi       = {10.1109/CVPR42600.2020.00543}
}

@inproceedings{Autoencoder,
  author    = {Afandi, Nur and Anggraeni, Wiwik and Purnomo, Mauridhi Hery},
  booktitle = {2022 International Seminar on Intelligent Technology and Its Applications (ISITIA)},
  title     = {Power Plant Boiler Reheater Metal Temperature Forecasting Using Autoencoder},
  year      = {2022},
  volume    = {},
  number    = {},
  pages     = {326-331},
  doi       = {10.1109/ISITIA56226.2022.9855294}
}

@article{elderly1,
  author  = {Xu, Hanchuan and Pan, Yuxin and Li, Jingxuan and Nie, Lanshun and Xu, Xiaofei},
  journal = {IEEE Access},
  title   = {Activity Recognition Method for Home-Based Elderly Care Service Based on Random Forest and Activity Similarity},
  year    = {2019},
  volume  = {7},
  number  = {},
  pages   = {16217-16225},
  doi     = {10.1109/ACCESS.2019.2894184}
}

@inproceedings{elderly2,
  author    = {Gochoo, Munkhjargal and Tan, Tan-Hsu and Huang, Shih-Chia and Liu, Shing-Hong and Alnajjar, Fady S.},
  booktitle = {2017 International Conference on Electrical and Computing Technologies and Applications (ICECTA)},
  title     = {DCNN-based elderly activity recognition using binary sensors},
  year      = {2017},
  volume    = {},
  number    = {},
  pages     = {1-5},
  doi       = {10.1109/ICECTA.2017.8252040}
}

@article{elderly3,
  title     = {Deep Convolutional and LSTM Recurrent Neural Networks for Multimodal Wearable Activity Recognition},
  volume    = {16},
  issn      = {1424-8220},
  url       = {http://dx.doi.org/10.3390/s16010115},
  doi       = {10.3390/s16010115},
  number    = {1},
  journal   = {Sensors},
  publisher = {MDPI AG},
  author    = {Ordóñez, Francisco and Roggen, Daniel},
  year      = {2016},
  month     = {Jan},
  pages     = {115}
}

@misc{MediaPipeHands,
  title         = {MediaPipe Hands: On-device Real-time Hand Tracking},
  author        = {Fan Zhang and Valentin Bazarevsky and Andrey Vakunov and Andrei Tkachenka and George Sung and Chuo-Ling Chang and Matthias Grundmann},
  year          = {2020},
  eprint        = {2006.10214},
  archiveprefix = {arXiv},
  primaryclass  = {cs.CV}
}

@article{MediaPipeDenseFace,
  author     = {Yury Kartynnik and
                Artsiom Ablavatski and
                Ivan Grishchenko and
                Matthias Grundmann},
  title      = {Real-time Facial Surface Geometry from Monocular Video on Mobile GPUs},
  journal    = {CoRR},
  volume     = {abs/1907.06724},
  year       = {2019},
  url        = {http://arxiv.org/abs/1907.06724},
  eprinttype = {arXiv},
  eprint     = {1907.06724},
  timestamp  = {Tue, 23 Jul 2019 10:54:22 +0200},
  biburl     = {https://dblp.org/rec/journals/corr/abs-1907-06724.bib},
  bibsource  = {dblp computer science bibliography, https://dblp.org}
}

% chapter 2: Deep Learning
@inproceedings{DL1,
  author    = {Mathew, Amitha
               and Amudha, P.
               and Sivakumari, S.},
  editor    = {Hassanien, Aboul Ella
               and Bhatnagar, Roheet
               and Darwish, Ashraf},
  title     = {Deep Learning Techniques: An Overview},
  booktitle = {Advanced Machine Learning Technologies and Applications},
  year      = {2021},
  publisher = {Springer Singapore},
  address   = {Singapore},
  pages     = {599--608},
  isbn      = {978-981-15-3383-9}
}

@article{DL2,
  author  = {Tu, Yiliu and Chu, Xulin and Yang, Wenyu},
  year    = {2000},
  month   = {01},
  pages   = {99-110},
  title   = {Computer-aided process planning in virtual one-of-a-kind production},
  volume  = {41},
  journal = {Computers in Industry},
  doi     = {10.1016/S0166-3615(99)00006-8}
}

% chapter 2: LSTM
@article{RNN,
  author  = {Shao, Hanyong},
  journal = {IEEE Transactions on Neural Networks},
  title   = {Delay-Dependent Stability for Recurrent Neural Networks With Time-Varying Delays},
  year    = {2008},
  volume  = {19},
  number  = {9},
  pages   = {1647-1651},
  doi     = {10.1109/TNN.2008.2001265}
}

@inproceedings{LSTM1,
  author    = {Samad, Anjali and Bhagyanidhi and Gautam, Vaibhav and Jain, Piyush and Sangeeta and Sarkar, Kanishka},
  booktitle = {2020 IEEE 5th International Conference on Computing Communication and Automation (ICCCA)},
  title     = {An Approach for Rainfall Prediction Using Long Short Term Memory Neural Network},
  year      = {2020},
  volume    = {},
  number    = {},
  pages     = {190-195},
  doi       = {10.1109/ICCCA49541.2020.9250809}
}

@article{LSTM2,
  author  = {Greff, Klaus and Srivastava, Rupesh K. and Koutník, Jan and Steunebrink, Bas R. and Schmidhuber, Jürgen},
  journal = {IEEE Transactions on Neural Networks and Learning Systems},
  title   = {LSTM: A Search Space Odyssey},
  year    = {2017},
  volume  = {28},
  number  = {10},
  pages   = {2222-2232},
  doi     = {10.1109/TNNLS.2016.2582924}
}

% CNN
@article{CNN1,
  author  = {Agrawal, H.},
  year    = {2020},
  month   = {09},
  pages   = {1110-1120},
  title   = {Comparative Analysis of different Convolutional Neural Network Algorithm for Image Classification},
  volume  = {8},
  journal = {International Journal for Research in Applied Science and Engineering Technology},
  doi     = {10.22214/ijraset.2020.31693}
}

@inproceedings{cnnarch,
  author    = {Dai, Dengyuhan},
  booktitle = {2021 International Conference on Big Data, Artificial Intelligence and Risk Management (ICBAR)},
  title     = {An Introduction of CNN: Models and Training on Neural Network Models},
  year      = {2021},
  volume    = {},
  number    = {},
  pages     = {135-138},
  keywords  = {Training;Deep learning;Computational modeling;Neural networks;Predictive models;Market research;Natural language processing;component;Convolutional neural network;Deep Learning;Loss function},
  doi       = {10.1109/ICBAR55169.2021.00037}
}

% Elderly exercise
@article{exercise1,
  author  = {Fasola, Juan and Mataric, Maja J},
  journal = {Proceedings of the IEEE},
  title   = {Using Socially Assistive Human–Robot Interaction to Motivate Physical Exercise for Older Adults},
  year    = {2012},
  volume  = {100},
  number  = {8},
  pages   = {2512-2526},
  doi     = {10.1109/JPROC.2012.2200539}
}

@inproceedings{dataset1,
  author    = {Islam, Khawja Redwanul and Ahmed, Md. Sagir and Ahamad, Anik and Fatima, Kaniz and Popy, Thameena Akter and Ryu, Byungyong and Bin Iqbal, Md. Tauhid},
  booktitle = {2022 25th International Conference on Computer and Information Technology (ICCIT)},
  title     = {A Video-based Physiotherapy Exercise Dataset},
  year      = {2022},
  volume    = {},
  number    = {},
  pages     = {780-784},
  keywords  = {Training;Machine learning algorithms;Webcams;Pain;Training data;Stroke (medical condition);Real-time systems},
  doi       = {10.1109/ICCIT57492.2022.10055189}
}

@article{FrozenShoulder1,
  title   = {The PHYSIOTHERAPY TREATMENT OF FROZEN SHOULDER CASES TO IMPROVE THE SCOPE OF JOINT MOVEMENT AND ABILITY FOR DAILY ACTIVITIES: CASE REPORT},
  volume  = {3},
  url     = {https://ifi-bekasi.e-journal.id/jfki/article/view/185},
  doi     = {10.59946/jfki.2023.185},
  number  = {2},
  journal = {Jurnal Fisioterapi dan Kesehatan Indonesia},
  author  = {Dirgantari, Baiq},
  year    = {2023},
  month   = {Oct.},
  pages   = {222-227}
}

@article{FrozenShoulder2,
  title   = {Physical therapy in the management of frozen shoulder},
  volume  = {58},
  url     = {https://www.ncbi.nlm.nih.gov/pmc/articles/PMC5917053/},
  doi     = {10.11622/smedj.2017107},
  number  = {12},
  journal = {Singapore Med J},
  author  = {Chan, Hui Bin Yvonne and Pua, Pek Ying and How, Choon How},
  year    = {2018},
  month   = {Dec},
  pages   = {685-689}
}

@article{FrozShoulder3,
  title   = {Treatment Strategy for Frozen Shoulder},
  volume  = {11},
  url     = {https://www.ncbi.nlm.nih.gov/pmc/articles/PMC6695331/},
  doi     = {10.4055/cios.2019.11.3.249},
  number  = {3},
  journal = {Clinical Orthopaedic Surgery},
  author  = {Chul-Hyun Cho and Ki-Choer Bae and Du-Han Kim},
  year    = {2019},
  month   = sep,
  pages   = {249-257}
}


@article{FrozShoulder4,
  title   = {The puzzling pathophysiology of frozen shoulders: a scoping review},
  volume  = {11},
  doi     = {10.1186/s40634-020-00307-w},
  number  = {3},
  journal = {Journal of Experimental Orthopaedics},
  author  = {T. Kraal and J. Lübbers and M. P. J. van den Bekerom and J. Alessie and Y. van Kooyk and D. Eygendaal and R. C. T. Koorevaa},
  year    = {2020},
  month   = {Nov},
  pages   = {249-257}
}


@article{TennisElbow1,
  title   = {Tennis elbow: A clinical review article},
  volume  = {17},
  url     = {https://www.ncbi.nlm.nih.gov/pmc/articles/PMC6695331/},
  doi     = {10.1016/j.jor.2019.08.005},
  journal = {Journal of Orthopaedic},
  author  = {S. Cutts and Shafat Gangoo and Nitin Modi and Chandra Pasapulab},
  year    = {2019},
  month   = {Aug},
  pages   = {203-207}
}


@article{TennisElbow2,
  title     = {Functional and Pain Improvement in Tennis Elbow with Dry Needling as Alternative Treatment: Case Series},
  author    = {Deby Wahyuning Hadi and Henry Sugiharto and Amanda Tiksnadi},
  note      = {Publisher Copyright: \textcopyright 2021, Touch Medical Media. All rights reserved.},
  year      = {2021},
  doi       = {10.17925/USN.2021.17.1.60},
  volume    = {17},
  pages     = {60--63},
  journal   = {touchREVIEWS in Neurology},
  issn      = {2752-5465},
  publisher = {Touch Medical Media},
  number    = {1}
}

@article{TennisElbow3,
  title     = {Tennis elbow},
  author    = {Nirschl, Robert P},
  journal   = {Orthopedic Clinics of North America},
  volume    = {4},
  number    = {3},
  pages     = {787--800},
  year      = {1973},
  publisher = {Elsevier}
}

@article{TennisElbow4,
  title   = {Current Physical Therapies Available for the Rehabilitation of Tennis Elbow: A},
  author  = {Rashid, Huba Khamis and Samanta, Dipan and George, Sudhan S and Cardoza44, Volisha Jyothsna and Ali, Zeeshan},
  year    = {2022},
  journal = {International Journal of Physiotherapy Research and Clinical Practice},
  volume  = {1},
  pages   = {26-32},
  doi     = {https://doi.org/10.54839/ijprcp.v1i1.22.5},
  month   = {Aug}
}

@article{KneePain1,
  author  = {Bunt, Christopher W. and Jonas, Christian E. and Chang, Jonathan G.},
  title   = {Knee Pain in Adults and Adolescents: The Initial Evaluation},
  journal = {American Family Physician},
  year    = {2018},
  month   = {Nov},
  volume  = {98},
  number  = {9},
  pages   = {576--585},
  pmid    = {30325638}
}

@article{KneePain2,
  author         = {Thirumaran, Aricia Jieqi and Deveza, Leticia Alle and Atukorala, Inoshi and Hunter, David J.},
  title          = {Assessment of Pain in Osteoarthritis of the Knee},
  journal        = {Journal of Personalized Medicine},
  volume         = {13},
  year           = {2023},
  number         = {7},
  article-number = {1139},
  url            = {https://www.mdpi.com/2075-4426/13/7/1139},
  pubmedid       = {37511752},
  issn           = {2075-4426},
  doi            = {10.3390/jpm13071139}
}

@article{KneePain3,
  author  = {Shawn Farrokhi and Yi-Fan Chen and Sara R. Piva and G. Kelley Fitzgerald and Jong-Hyeon Jeong and C. Kent Kwoh},
  title   = {The influence of knee pain location on symptoms, functional status and knee-related quality of life in older adults with chronic knee pain: data from the Osteoarthritis Initiative},
  journal = {Clin J Pain},
  volume  = {32},
  number  = {6},
  pages   = {463-470},
  year    = {2016},
  month   = {June},
  doi     = {10.1097/AJP.0000000000000291},
  url     = {https://www.ncbi.nlm.nih.gov/pmc/articles/PMC4892642/}
}

@article{KneePain4,
  author  = {Vicky Duong and Win Min Oo and Changhai Ding and Adam G. Culvenor and David J. Hunter},
  title   = {Evaluation and Treatment of Knee Pain: A Review},
  journal = {JAMA},
  volume  = {330},
  number  = {16},
  pages   = {1568-1580},
  year    = {2023},
  doi     = {10.1001/jama.2023.19675}
}

@article{KneePain5,
  title     = {Primary care treatment of knee pain—a survey in older adults},
  author    = {Porcheret, M and Jordan, K and Jinks, C and P. Croft in collaboration with the Primary Care Rheumatology Society},
  journal   = {Rheumatology},
  volume    = {46},
  number    = {11},
  pages     = {1694--1700},
  year      = {2007},
  publisher = {Oxford University Press}
}

@article{KneePain6,
  title     = {Knee pain, knee osteoarthritis, and the risk of fracture},
  author    = {Arden, Nigel K and Crozier, Sarah and Smith, Helen and Anderson, Frazer and Edwards, Christopher and Raphael, Helen and Cooper, Cyrus},
  journal   = {Arthritis Care \& Research: Official Journal of the American College of Rheumatology},
  volume    = {55},
  number    = {4},
  pages     = {610--615},
  year      = {2006},
  publisher = {Wiley Online Library}
}

@article{KneePain7,
  title     = {Knee pain and osteoarthritis in older adults: a review of community burden and current use of primary health care},
  author    = {Peat, G and McCarney, R and Croft, P},
  journal   = {Annals of the rheumatic diseases},
  volume    = {60},
  number    = {2},
  pages     = {91--97},
  year      = {2001},
  publisher = {BMJ Publishing Group Ltd}
}

@article{PhysicalIssue,
  title  = {Geriatric Age – Boon or Bane – Role of Yoga for Geriatric Health and Healthy Ageing},
  volume = {44},
  url    = {http://jazindia.com/index.php/jaz/article/view/576},
  doi    = {10.17762/jaz.v44i3.576},
  author = {Sharma, Divya and Prof. (Dr.) B. R. Sharma},
  year   = {2023},
  month  = {Oct.},
  pages  = {167–172}
}

@article{FrozShoulder5,
  title     = {Physiotherapy and Dynamic Exercises as Interventions for Improving the Functional Efficiency of the Frozen Shoulder in Elderly People with Type 2 Diabetes},
  author    = {Mostafa Okasha, Abd El-Halim and Mohamed Al-Kaliouby, Hamdy},
  journal   = {Journal of Applied Sports Science},
  volume    = {4},
  number    = {2},
  pages     = {1--11},
  year      = {2014},
  publisher = {Alexandria University, Faculty of Sport Education in Abu Qir}
}

@article{FrozShoulder6,
  title     = {Physiotherapy interventions for shoulder pain},
  author    = {Green, Sally and Buchbinder, Rachelle and Hetrick, Sarah E and Cochrane Musculoskeletal Group},
  journal   = {Cochrane database of systematic reviews},
  volume    = {2013},
  number    = {3},
  year      = {1996},
  publisher = {John Wiley \& Sons, Ltd Chichester, UK}
}

@article{ShoulderFlexionExtension,
  title     = {The rotator cuff muscles have a direction specific recruitment pattern during shoulder flexion and extension exercises},
  author    = {Wattanaprakornkul, Duangjai and Cathers, Ian and Halaki, Mark and Ginn, Karen A},
  journal   = {Journal of science and medicine in sport},
  volume    = {14},
  number    = {5},
  pages     = {376--382},
  year      = {2011},
  publisher = {Elsevier}
}

@article{ShoulderFlexionExtension1,
  title     = {The rotator cuff muscles have a direction specific recruitment pattern during shoulder flexion and extension exercises},
  author    = {Wattanaprakornkul, Duangjai and Cathers, Ian and Halaki, Mark and Ginn, Karen A},
  journal   = {Journal of science and medicine in sport},
  volume    = {14},
  number    = {5},
  pages     = {376--382},
  year      = {2011},
  publisher = {Elsevier}
}

@article{AdductionAbduction,
  title     = {Arm EMG during abduction and adduction: hysteresis cycle},
  author    = {Politti, Julio C{\'e}sar and Felice, Carmelo Jose and Valentinuzzi, ME},
  journal   = {Medical engineering \& physics},
  volume    = {25},
  number    = {4},
  pages     = {317--320},
  year      = {2003},
  publisher = {Elsevier}
}

@article{AdductionAbduction1,
  title     = {Cortical control of erector spinae muscles during arm abduction in humans},
  author    = {Kuppuswamy, Annapoorna and Catley, Maria and King, Nicolas KK and Strutton, Paul H and Davey, Nick J and Ellaway, Peter H},
  journal   = {Gait \& posture},
  volume    = {27},
  number    = {3},
  pages     = {478--484},
  year      = {2008},
  publisher = {Elsevier}
}

@article{ArmCircumduction,
  title     = {Biomechanical function requirements of the wrist. Circumduction versus flexion/abduction range of motion},
  author    = {Gracia-Ib{\'a}{\~n}ez, Ver{\'o}nica and Sancho-Bru, Joaqu{\'\i}n L and Vergara, Margarita and Roda-Sales, Alba and Jarque-Bou, N{\'e}stor J and Bayarri-Porcar, Vicente},
  journal   = {Journal of Biomechanics},
  volume    = {110},
  pages     = {109975},
  year      = {2020},
  publisher = {Elsevier}
}

@article{ElbowFlexionExtension,
  title     = {An analysis of static and dynamic joint torques in elbow flexion-extension movements},
  author    = {Kodek, Timotej and Munih, Marko},
  journal   = {Simulation modelling practice and theory},
  volume    = {11},
  number    = {3-4},
  pages     = {297--311},
  year      = {2003},
  publisher = {Elsevier}
}

@article{LegFlexionExtension,
  title     = {Isokinetic leg flexion and extension strength of elite adolescent female track and field athletes},
  author    = {Housh, Terry J and Thorland, William G and Tharp, Gerald D and Johnson, Glen O and Cisar, Craig J},
  journal   = {Research Quarterly for Exercise and Sport},
  volume    = {55},
  number    = {4},
  pages     = {347--350},
  year      = {1984},
  publisher = {Taylor \& Francis}
}

@article{KneeFlexionExtension,
  title     = {Biomechanical analysis of knee flexion and extension},
  author    = {Smidt, Gary L},
  journal   = {Journal of biomechanics},
  volume    = {6},
  number    = {1},
  pages     = {79--92},
  year      = {1973},
  publisher = {Elsevier}
}